<?xml version="1.0" encoding="UTF-8"?><collection xmlns="http://www.loc.gov/MARC21/slim"><record><leader>00430nam--2200169-u-4500</leader><controlfield tag="001">000051187</controlfield><controlfield tag="002">20161230</controlfield><controlfield tag="005">20161230201049</controlfield><controlfield tag="008">080529s1000------------r-----000-0-eng-d</controlfield><datafield ind1=" " ind2=" " tag="040"><subfield code="a">IFIN-HH</subfield></datafield><datafield ind1=" " ind2=" " tag="080"><subfield code="a">514.764.2</subfield></datafield><datafield ind1="1" ind2=" " tag="100"><subfield code="a">Tyurina,A.N</subfield></datafield><datafield ind1="1" ind2="0" tag="245"><subfield code="a">Chetyrekhmernaya Rimanova Geometriya. Seminar Artura Bese 1978/79</subfield></datafield><datafield ind1=" " ind2=" " tag="260"><subfield code="a">Moskva</subfield><subfield code="b">Mir</subfield><subfield code="c">1985</subfield></datafield><datafield ind1=" " ind2=" " tag="300"><subfield code="a">334 p</subfield></datafield><datafield ind1=" " ind2=" " tag="852"><subfield code="a">73645</subfield><subfield code="c">513</subfield></datafield><datafield ind1=" " ind2=" " tag="CAT"><subfield code="a">Sys</subfield><subfield code="c">20080529</subfield><subfield code="h">101014</subfield></datafield></record></collection>